%%% Test bibliography of CL-BibTeX
%%%

@article {Gom58,
  AUTHOR =	 {Gomory, Ralph E.},
  TITLE =	 {Outline of an algorithm for integer solutions to
                  linear programs},
  JOURNAL =	 {Bulletin of the American Mathematical Society},
  VOLUME =	 64,
  YEAR =	 1958,
  PAGES =	 {275--278},
  MRCLASS =	 {90.00 (06.60)},
  MRNUMBER =	 {21 \#1230},
  MRREVIEWER =	 {A. Charnes},
  annote =	 {dual fractional, IP}
}

@article{deyRichard,
	Author = {Dey, Santanu S. and Richard, Jean-Philippe P.},
	Doi = {10.1287/moor.1070.0283},
	Eprint = {http://mor.journal.informs.org/cgi/reprint/33/1/140.pdf},
	Journal = {Mathematics of Operations Research},
	Number = {1},
	Pages = {140--166},
	Title = {Facets of Two-Dimensional Infinite Group Problems},
	Url = {http://mor.journal.informs.org/cgi/content/abstract/33/1/140},
	Volume = {33},
	Year = {2008},
	Equivalent-Entries = {dey3},
}

@article{dey3,
	Author = {Dey, Santanu S. and Richard, Jean-Philippe P.},
	Date-Added = {2015-04-29 15:08:03 +0000},
	Date-Modified = {2015-04-29 15:08:03 +0000},
	Doi = {10.1287/moor.1070.0283},
	Eprint = {http://mor.journal.informs.org/cgi/reprint/33/1/140.pdf},
	Equivalent-Entries = {dey3,deyRichard},
	Issn = {0025-5610},
	Journal = {Mathematics of Operations Research},
	Number = {1},
	Pages = {140--166},
	Title = {Facets of Two-Dimensional Infinite Group Problems},
	Url = {http://mor.journal.informs.org/cgi/content/abstract/33/1/140},
	Volume = {33},
	Year = {2008}
}

@article{Lenstra1982,
	Author = {Lenstra, A. K. and Lenstra, H.W. and Lov{\'a}sz, L.},
	Journal = {Math. Ann.},
	Owner = {Robert},
	Pages = {515-534},
	Timestamp = {2010.04.02},
	Title = {Factoring Polynomials with rational coefficients},
	Volume = {261},
	Year = {1982},
        Annote = {This bib entry is slightly incorrect because
                  Lenstra's initials are not separated by a space.  In
                  plain BibTeX, all abbrv bibtex styles will
                  abbreviate this name incorrectly.  CL-BibTeX fixes
                  this and also outputs a warning.}
}

%
% Local Variables:
% auto-fill-mode: t
% End:

