%%% Test bibliography of CL-BibTeX
%%%

% $Id: iba-bib.bib,v 1.1 2003/03/31 22:05:50 mkoeppe Exp $
@Book{AhujaMagnantiOrlin93,
  author =	 {Ahuja, Ravindra K. and Magnanti, Thomas L. and
                  Orlin, James B.},
  title =	 {Network Flows: Theory, Algorithms, and Applications},
  publisher =	 {Prentice-Hall, Inc.},
  year =	 {1993},
  address =	 {Englewood Cliffs, New Jersey}
}

@InProceedings{Corput,
  author =	 {van der Corput, J. G.},
  title =	 {{\"U}ber {S}ysteme von linear-homogenen
                  {G}leichungen und {U}n\-glei\-chun\-gen},
  booktitle =	 {Proceedings Koninklijke Akademie van Wetenschappen
                  te Amsterdam},
  pages =	 {368--371},
  year =	 1931,
  volume =	 34
}

@Unpublished{FSW99,
  author =	 {R. T. Firla and B. Spille and R. Weismantel},
  title =	 {A primal analogue of cutting plane algorithms},
  note =	 {Preprint No. 22, Fa{\-}kul{\-}t{\"a}t f{\"u}r
                  Ma{\-}the{\-}ma{\-}tik, Universit{\"a}t Magdeburg},
  year =	 1999
}

@article {Gom58,
  AUTHOR =	 {Gomory, Ralph E.},
  TITLE =	 {Outline of an algorithm for integer solutions to
                  linear programs},
  JOURNAL =	 {Bulletin of the American Mathematical Society},
  VOLUME =	 64,
  YEAR =	 1958,
  PAGES =	 {275--278},
  MRCLASS =	 {90.00 (06.60)},
  MRNUMBER =	 {21 \#1230},
  MRREVIEWER =	 {A. Charnes},
  annote =	 {dual fractional, IP}
}

@TechReport{Gom60,
  author =	 {Ralph E. Gomory},
  title =	 {An {A}lgorithm for the {M}ixed {I}nteger {P}roblem},
  institution =	 {The RAND Corporation},
  year =	 1960,
  number =	 {RM-2597-PR},
  address =	 {Santa Monica, CA},
  annote =	 {never published! dual fractional, for MIPs}
}

@InCollection{Gom63,
  author =	 {Ralph E. Gomory},
  title =	 {An all-integer integer programming algorithm},
  booktitle =	 {Industrial Scheduling},
  pages =	 {193--206},
  publisher =	 {Prentice Hall, Englewood Cliffs, N.J.},
  year =	 1963,
  editor =	 {J. F. Muth and G. L. Thompson},
  annote =	 {dual all-integer, pure IP}
}

@Article{Heckler-Thiele:98,
  AUTHOR =	 {Heckler, C. and Thiele, L.},
  TITLE =	 {Complexity analysis of a parallel lattice basis
                  reduction algorithm},
  JOURNAL =	 {SIAM J. Comput.},
  FJOURNAL =	 {SIAM Journal on Computing},
  VOLUME =	 27,
  YEAR =	 1998,
  NUMBER =	 5,
  PAGES =	 {1295--1302 (electronic)},
  ISSN =	 {1095-7111},
  MRCLASS =	 {11Y16 (11H06 68Q22 68Q25)},
  MRNUMBER =	 {99f:11159},
  MRREVIEWER =	 {Claus-Peter Schnorr},
}

@MastersThesis{heckler:95,
  author =	 {Heckler, C.},
  title =	 {{A}utomatische {P}arallelisierung und parallele
                  {G}itterbasisreduktion},
  school =	 {Institut f{\"u}r Mikroelektronik, Universit{\"a}t
                  des Saarlandes, Saarbr{\"u}cken, Germany},
  year =	 1995,
  type =	 {Dissertation}
}

@Booklet{Hu69,
  title =	 {Integer Programming and Network Flows},
  author =	 {T. C. Hu},
  address =	 {Addison\with Wesley, Reading, Mass.},
  year =	 1969
}

@Article{LLL82,
  author =	 {Lenstra, A. K. and Lenstra, Jr., H. W. and
                  Lov{\'a}sz, L.},
  title =	 {Factoring polynomials with rational coefficients},
  journal =	 {Mathematische Annalen},
  year =	 1982,
  volume =	 261,
  pages =	 {515--534}
}

@Book{Lawler76,
  author =	 {Lawler, E. L.},
  title =	 {Combinatorial Optimization: Networks and Matroids},
  publisher =	 {Holt, Rinehart and Winston},
  year =	 {1976},
  address =	 {New York},
}

@Article{Len83,
  author =	 {Lenstra, Jr., H. W.},
  title =	 {Integer programming with a fixed number of
                  variables},
  journal =	 {Mathematics of Operations Research},
  year =	 1983,
  volume =	 8,
  pages =	 {538--548}
}

@Book{NW88,
  author =	 {G. L. Nemhauser and L. Wolsey},
  title =	 {Integer and Combinatorial Optimization},
  publisher =	 {Wiley},
  year =	 1988,
  address =	 {Chichester}
}

@Article{Young68,
  author =	 {R. D. Young},
  title =	 {A simplified primal (all-integer) integer
                  programming algorithm},
  journal =	 {Operations Research},
  year =	 1968,
  volume =	 16,
  number =	 4,
  pages =	 {750--782}
}

@Article{kannan-bachem79,
  author =	 {R. Kannan and A. Bachem},
  title =	 {Polynomial Algorithms for Computing the Smith and
                  Hermite Normal Forms of an Integer Matrix},
  journal =	 {SIAM J. Comput.},
  year =	 1979,
  volume =	 8,
  number =	 4,
  pages =	 {499--507},
  month =	 {November}
}

@article {schnorr-euchner94,
  AUTHOR =	 {Schnorr, C.-P. and Euchner, M.},
  TITLE =	 {Lattice basis reduction: improved practical
                  algorithms and solving subset sum problems},
  JOURNAL =	 {Math. Programming},
  FJOURNAL =	 {Mathematical Programming},
  VOLUME =	 66,
  YEAR =	 1994,
  NUMBER =	 {2, Ser.~A},
  PAGES =	 {181--199},
  ISSN =	 {0025-5610},
  CODEN =	 {MHPGA4},
  MRCLASS =	 {90C27 (90C10)},
  MRNUMBER =	 {95j:90064},
  MRREVIEWER =	 {J{\"u}rgen K{\"o}hler},
}

@Article{HausKoeppeWeismantel00,
  author = 	 {Haus, Utz-Uwe and K{\"o}ppe, Matthias and Weismantel, Robert},
  title = 	 {The {I}ntegral {B}asis {M}ethod for Integer Programming},
  year = 	 2001,
  journal = {Mathematical Methods of Operations Research},
  volume = 53,
  number = 3,
  pages = {353--361}
}

@TechReport{ibm-theory,
  author = 	 {Haus, Utz-Uwe and K{\"o}ppe, Matthias and
                  Weismantel, Robert},
  title = 	 {A Primal All-Integer Algorithm Based on Irreducible Solutions},
  institution =  {Fa{\-}kul{\-}t{\"a}t f{\"u}r Ma{\-}the{\-}ma{\-}tik,
                  Otto-{\penalty0}von-{\penalty0}Guericke-{\penalty0}Universit{\"a}t Magdeburg},
  number = {no.~5},
  type = {Preprint},
  note = 	 {available from URL
                  {\url{http://www.math.uni-magdeburg.de/~mkoeppe/art/ibm-theory.ps}}}, 
  year =	 2001
}

@TechReport{ibm-computations,
  author =	 {Haus, Utz-Uwe and K{\"o}ppe, Matthias and
                  Weismantel, Robert},
  title = 	 {The {I}ntegral {B}asis {M}ethod in an Augmentation Framework for  Integer
  Programming},
  institution =  {Fa{\-}kul{\-}t{\"a}t f{\"u}r Ma{\-}the{\-}ma{\-}tik,
                  Otto-{\penalty0}von-{\penalty0}Guericke-{\penalty0}Universit{\"a}t Magdeburg},
  year =	 2001,
  number =	 {no.~23},
  type =	 {Preprint},
  note =	 {available from URL
                  {\url{http://www.math.uni-magdeburg.de/~mkoeppe/art/
                  haus-koeppe-weismantel-ibm-augmentation.ps}}}
}

@InCollection{SchulzWeismantelZiegler95,
  author =	 "A. S. Schulz and R. Weismantel and G. M. Ziegler",
  title =	 "0/1 integer programming: optimization and
                  augmentation are equivalent",
  booktitle =	 "Algorithms-ESA95",
  publisher =	 "Lecture Notes in Computer Science 979, Springer,
                  Berlin",
  year =	 "1995",
  editor =	 "P. Spirakis",
  pages =	 "473 - 483",
}

@InProceedings{SchulzWeismantel99,
  author =	 {A. S. Schulz and R. Weismantel},
  title =	 {An oracle--polynomial time augmentation algorithm
                  for integer programming},
  booktitle =	 {Proceedings of the 10th Annual ACM--SIAM Symposium
                  on Discrete Algorithms},
  pages =	 {967--968},
  year =	 1999
}

@article{BalasPadberg75,
  author =	 "Balas, Egon and Padberg, Manfred",
  title =	 "{On the set-covering problem: II. An algorithm for
                  set partitioning}",
  journal =	 "Operations Research",
  volume =	 23,
  pages =	 "74-90",
  year =	 1975,
}

@Unpublished{wassermann2000,
  author =	 {Wassermann, Alfred},
  title =	 {Attacking the market split problem with lattice
                  basis reduction},
  note =	 {Preprint, Universit{\"a}t Bayreuth},
  year =	 2000
}

@Book{testsets,
  author =	 {Karen Aardal and Robert Weismantel and Laurence
                  Wolsey},
  title =	 {Non-Standard Approaches to Integer Programming},
  publisher =	 {Universit{\'e} Catholique de Louvain},
  year =	 2000,
  number =	 {2000/2},
  series =	 {{CORE} Discussion Paper},
  address =	 {{CORE}, Voie du Roman Pays 34, B-1348
                  Louvain-la-Neuve, Belgium},
  month =	 {January}
}

@article {ABHLS2000,
  AUTHOR =	 {Aardal, K. and Bixby, R. E. and Hurkens, C. A. J.
                  and Lenstra, A. K. and Smeltink, J. W.},
  TITLE =	 {Market split and basis reduction: towards a solution
                  of the {C}ornu{\'e}jols-{D}awande instances},
  JOURNAL =	 {INFORMS J. Comput.},
  FJOURNAL =	 {INFORMS Journal on Computing},
  VOLUME =	 12,
  YEAR =	 2000,
  NUMBER =	 3,
  PAGES =	 {192--202},
  ISSN =	 {0899-1499},
}

@Article{aardal-hurkens-lenstra-2000,
  author = 	 {Aardal, K. and Hurkens, C. A. J. and Lenstra, A. K.},
  title = 	 {Solving a system of diophantine equation with lower and upper bounds on the variables},
  journal = 	 {Mathematics of Operations Research},
  year = 	 2000,
  volume =	 25,
  pages =	 {427-442}
}

@PhdThesis{urbaniak,
  author =	 {Urbaniak, Regina},
  title =	 {Decomposition of Generating Sets and of Integer
                  Programs},
  school =	 {Technische Universit{\"a}t Berlin},
  type = {Dissertation},
  year =	 1998
}

@InProceedings{diaconis-graham-sturmfels,
  author =	 {Diaconis, P. and Graham, R. L. and Sturmfels, B.},
  title =	 {Primitive partition identities},
  booktitle =	 {Combinatorics, Paul~Erd{\H{o}}s is Eighty, Volume~2},
  pages =	 {173--192},
  year =	 1996,
  editor =	 {Mikl{\'o}s, D. and S{\'o}s, V. T. and Sz{\H{o}}nyi,
                  D.},
  volume =	 2,
  series =	 {Bolyai Society Mathematical Studies}
}

@MastersThesis{koeppe-1999:erzeugende-mengen,
  author =	 {K{\"o}ppe, Matthias},
  title =	 {Erzeugende {M}engen f{\"u}r gemischt-ganzzahlige
                  {P}rogramme},
  school =	 {Otto-{\penalty0}von-{\penalty0}Guericke-{\penalty0}Universit{\"a}t Magdeburg},
  year =	 1999,
  type =	 {Diploma thesis},
  note = {available from URL \url{http://www.math.uni-magdeburg.de/~mkoeppe/art/mkoeppe-diplom.ps}}
}

@Article{henk-weismantel:ppi,
  author =	 {Henk, Martin and Weismantel, Robert},
  title =	 {On minimal solutions of diophantine equations},
  journal =	 {Beitr{\"a}ge zur Algebra und Geometrie},
  year =	 2000,
  volume =	 41,
  number =	 1,
  pages =	 {49-55}
}

@Article{lambert:ppi,
  author =	 {Lambert, J. L.},
  title =	 {Une borne pour les g{\'e}n{\'e}rateurs des solutions
                  en{\-}ti{\'e}res positives d'une {\'e}quation
                  diophantienne lin{\'e}aire},
  journal =	 {C.~R.~Acad. Sci.~Paris},
  year =	 1987,
  volume =	 305,
  pages =	 {39--40},
  month =	 {S{\'e}rie I}
}

@Article{UrbaniakWeismantelZiegler97,
  author =	 "Urbaniak, R. and Weismantel, R. and Ziegler, G.",
  title =	 "A variant of {B}uchberger's algorithm for integer
                  programming",
  journal =	 "SIAM Journal on Discrete Mathematics",
  year =	 "1997",
  volume =	 "1",
  pages =	 "96-108"
}

@Article{Thomas95,
  author =	 "R. R. Thomas",
  title =	 "A geometric {B}uchberger algorithm for integer
                  programming",
  journal =	 "Mathematics of Operations Research",
  year =	 "1995",
  volume =	 "20",
  pages =	 "864-884"
}

@InCollection{ContiTraverso91,
  author =	 "P. Conti and C. Traverso",
  title =	 "Buchberger algorithm and integer programming",
  booktitle =	 "Proceedings of the AAECC-9",
  publisher =	 "Lecture Notes in Computer Science 539, Springer,
                  Berlin",
  year =	 1991,
  pages =	 "130-139"
}

@Article{weismantel98:testsets,
  author =	 {Weismantel, R.},
  title =	 {Test sets of integer programs},
  journal =	 {Mathematical Methods of Operations Research},
  year =	 1998,
  volume =	 47,
  pages =	 {1-37}
}

@Book{GarfinkelNemhauser72,
  author =	 {Robert S. Garfinkel and George L. Nemhauser},
  title =	 {Integer Programming},
  publisher =	 {Wiley},
  year =	 {1972},
  address =	 {New York},
}

@article {struction-combinatorica,
  AUTHOR =	 {Hammer, P. L. and Mahadev, N. V. R. and de Werra,
                  D.},
  TITLE =	 {The struction of a graph: application to
                  ${C}{N}$-free graphs},
  JOURNAL =	 {Combinatorica},
  FJOURNAL =	 {Combinatorica. An International Journal of the
                  J{\'a}nos Bolyai Mathematical Society},
  VOLUME =	 {5},
  YEAR =	 {1985},
  NUMBER =	 {2},
  PAGES =	 {141--147},
  ISSN =	 {0209-9683},
  CODEN =	 {COMBDI},
  MRCLASS =	 {05C35},
  MRNUMBER =	 {87c:05073},
  MRREVIEWER =	 {Michael Jacobson},
}

@article {struction-combin-theory,
  AUTHOR =	 {Hammer, P. L. and Mahadev, N. V. R. and de Werra,
                  D.},
  TITLE =	 {Stability in ${C}{A}{N}$-free graphs},
  JOURNAL =	 {J. Combin. Theory Ser. B},
  FJOURNAL =	 {Journal of Combinatorial Theory. Series B},
  VOLUME =	 {38},
  YEAR =	 {1985},
  NUMBER =	 {1},
  PAGES =	 {23--30},
  ISSN =	 {0095-8956},
  CODEN =	 {JCBTB8},
  MRCLASS =	 {05C75 (68Q25)},
  MRNUMBER =	 {86m:05070},
  MRREVIEWER =	 {C. L. Lucchesi},
}

@article {struction-alg-disc-math,
  AUTHOR =	 {de Werra, Dominique},
  TITLE =	 {On some properties of the struction of a graph},
  JOURNAL =	 {SIAM J. Algebraic Discrete Methods},
  FJOURNAL =	 {Society for Industrial and Applied Mathematics.
                  Journal on Algebraic and Discrete Methods},
  VOLUME =	 {5},
  YEAR =	 {1984},
  NUMBER =	 {2},
  PAGES =	 {239--243},
  ISSN =	 {0196-5212},
  CODEN =	 {STAMDU},
  MRCLASS =	 {05C75},
  MRNUMBER =	 {85f:05099},
  MRREVIEWER =	 {Maria Ferro},
}

@incollection {ebenegger-hammer-dewerra,
  AUTHOR =	 {Ebenegger, Ch. and Hammer, P. L. and de Werra, D.},
  TITLE =	 {Pseudo-{B}oolean functions and stability of graphs},
  BOOKTITLE =	 {Algebraic and combinatorial methods in operations
                  research},
  PAGES =	 {83--97},
  PUBLISHER =	 {North-Holland},
  ADDRESS =	 {Amsterdam},
  YEAR =	 {1984},
  MRCLASS =	 {05C35 (90C09)},
  MRNUMBER =	 {86g:05049},
  MRREVIEWER =	 {O. Pokorn{\'a}},
}

@article{meyniel:critical-imperfect,
  author =	 "Meyniel, H.",
  title =	 "{A new property of critical imperfect graphs and
                  some consequences.}",
  language =	 "English",
  journal =	 "Eur. J. Comb. ",
  volume =	 "8",
  pages =	 "313-316",
  year =	 "1987",
}

%
@Article{fulkerson71,
  AUTHOR =	 {Fulkerson, D. R.},
  TITLE =	 {Blocking and Anti-Blocking Pairs of Polyhedra},
  JOURNAL =	 {Mathematical Programming},
  VOLUME =	 1,
  YEAR =	 1971,
  PAGES =	 {168-194}
}

@Article{padberg73,
  AUTHOR =	 {Padberg, M. W.},
  TITLE =	 {On the facial structure of Set Packing Polyhedra},
  JOURNAL =	 {Mathematical Programming},
  VOLUME =	 5,
  YEAR =	 1973,
  PAGES =	 {199-215}
}

@Article{nemhouser_trotter74,
  AUTHOR =	 {Nemhauser, G. L. and Trotter, L. E.},
  TITLE =	 {Properties of Vertex Packing and Independent System
                  Polyhedra},
  JOURNAL =	 {Mathematical Programming},
  VOLUME =	 6,
  YEAR =	 1973,
  PAGES =	 {48-61}
}

@incollection {lovasz:normal-hypergraphs,
  AUTHOR =	 {Lov{\'a}sz, L.},
  TITLE =	 {Normal hypergraphs and the weak perfect graph
                  conjecture},
  BOOKTITLE =	 {Topics on perfect graphs},
  PAGES =	 {29--42},
  PUBLISHER =	 {North-Holland},
  ADDRESS =	 {Amsterdam},
  YEAR =	 1984,
  MRCLASS =	 {05C65 (90C09)},
  MRNUMBER =	 {86g:05068},
  MRREVIEWER =	 {David E. Woolbright},
}

@Article{berge-1961,
  author =	 {Berge, Claude},
  title =	 {F{\"a}rbung von {G}raphen, deren s{\"a}mtliche bzw.
                  deren ungerade {K}reise starr sind},
  journal =	 {Wiss. Z. Martin-Luther-Univ. Halle-Wittenberg,
                  Math.-Natur. Reihe},
  year = 	 1961,
  pages =        {114--115},
  annote =	 {strong perfect graph conjecture}
}

@PhdThesis{borndoerfer-1998,
  author =	 {Bornd{\"o}rfer, Ralf},
  title =	 {Aspects of Set Packing, Partitioning, and Covering},
  school =	 {Technische Universit{\"a}t Berlin},
  note =         {published by Shaker-Verlag, Aachen},
  type = {Dissertation},
  year =	 1998
}

@Article{nemh-sigis-1992,
  author =	 {Nemhauser, G. L. and Sigismondi, G. L.},
  title =	 {A strong cutting plane / branch and bound algorithm
                  for node packing},
  journal =	 {Journal of the Operational Research Society},
  year =	 1992,
  pages =	 {443--457}
}

@InCollection{balas-ceria-cor-pat-1996,
  author =	 {Balas, E. and Ceria, S. and Cornu{\'e}jols, G. and
                  Pataki, G.},
  title =	 {Polyhedral methods for the maximum clique problem},
  crossref = {johnson-trick-96},
  pages =	 {11--28},
}

@Article{CRSS:93,
  author =	 {William Cook and Thomas Rutherford and Herbert E.
                  Scarf and David Shallcross},
  title =	 {An Implementation of the Generalized Basis Reduction
                  Algorithm for Integer Programming},
  journal =	 {ORSA Journal on Computing},
  year =	 1993,
  volume =	 5,
  number =	 2,
  pages =	 {206--212},
  month =	 {Spring}
}

@inproceedings{ micciancio98shortest,
  author =	 "Daniele Micciancio",
  title =	 "The Shortest Vector in a Lattice is Hard to
                  Approximate to Within Some Constant",
  booktitle =	 "{IEEE} Symposium on Foundations of Computer Science",
  pages =	 "92-98",
  year =	 1998,
  url =
                  "citeseer.nj.nec.com/article/micciancio98shortest.html"
}

@Book{gls-1988,
  author =	 {Gr{\"o}tschel, Martin and Lov{\'a}sz, L{\'a}szl{\'o}
                  and Schrijver, Alexander},
  title =	 {Geometric Algorithms and Combinatorial Optimization},
  publisher =	 {Springer},
  year =	 1988,
  volume =	 2,
  series =	 {Algorithms and Combinatorics},
  address =	 {Berlin}
}

@article{ben-israel-charnes:62,
  AUTHOR =	 {Ben-Israel, A. and Charnes, A.},
  TITLE =	 {On some problems of diophantine programming},
  JOURNAL =	 {Cahiers du Centre d'{\'E}tudes de Recherche
                  Op{\'e}rationnelle},
  VOLUME =	 {4},
  YEAR =	 {1962},
  PAGES =	 {215--280},
  MRCLASS =	 {90.56},
  MRNUMBER =	 {28 \#1009},
  MRREVIEWER =	 {E. M. L. Beale},
}

@article{young:75,
  author =	 "Young, R. D.",
  title =	 "{The eclectic primal algorithm: Cutting-plane method
                  that accommodates hybrid subproblem solution
                  techniques.}",
  language =	 "English",
  journal =	 JacM,
  volume =	 "9",
  year =	 {1975},
  month = DEC,
  pages =	 "294-312",
  abstract =	 "{See printed version}",
  classmath =	 "{*90C10 Integer programming}",
}

@article{glover:66,
  AUTHOR =	 {Glover, Fred},
  TITLE =	 {Generalized cuts in diophantine programming},
  JOURNAL =	 {Management Sci.},
  VOLUME =	 {13},
  YEAR =	 {1966},
  PAGES =	 {254--268},
  MRCLASS =	 {90.56},
  MRNUMBER =	 {34 \#2339},
  MRREVIEWER =	 {T. L. Saaty},
}

@article{glover:67,
  AUTHOR =	 {Glover, Fred},
  TITLE =	 {A pseudo primal-dual integer programming algorithm},
  JOURNAL =	 {J. Res. Nat. Bur. Standards Sect. B},
  VOLUME =	 {71B},
  YEAR =	 {1967},
  PAGES =	 {187--195},
  MRCLASS =	 {90.56},
  MRNUMBER =	 {38 \#4146},
  MRREVIEWER =	 {R. W. Cottle},
}

@article{glover:68a,
  AUTHOR =	 {Glover, Fred},
  TITLE =	 {A new foundation for a simplified primal integer
                  programming algorithm },
  JOURNAL =	 {Operations Res.},
  VOLUME =	 {16},
  YEAR =	 {1968},
  PAGES =	 {727--740},
  MRCLASS =	 {90.56},
  MRNUMBER =	 {38 \#6841},
  MRREVIEWER =	 {E. L. Johnson},
}

@article{glover:68b,
  AUTHOR =	 {Glover, Fred},
  TITLE =	 {Surrogate constraints},
  JOURNAL =	 {Operations Res.},
  VOLUME =	 {16},
  YEAR =	 {1968},
  PAGES =	 {741--749},
  MRCLASS =	 {90.56},
  MRNUMBER =	 {40 \#3902},
  MRREVIEWER =	 {E. L. Johnson},
}

@article {padberg-hong:80,
  AUTHOR =	 {Padberg, Manfred W. and Hong, Saman},
  TITLE =	 {On the symmetric travelling salesman problem: a
                  computational study},
  JOURNAL =	 {Math. Programming Stud.},
  FJOURNAL =	 {Mathematical Programming Study},
  NUMBER =	 {12},
  YEAR =	 {1980},
  PAGES =	 {78--107},
  ISSN =	 {0303-3929},
  CODEN =	 {MPSTDF},
  MRCLASS =	 {90C10 (05C35 90C35)},
  MRNUMBER =	 {81j:90082},
  MRREVIEWER =	 {E. Gabowitsch},
}

@Book{cornuej-01,
  author =	 {Cornu{{\'e}}jols, G.},
  title = 	 {Combinatorial Optimization: Packing and Covering},
  publisher = 	 {SIAM},
  year = 	 2001,
  number =	 74,
  series =	 {CBMS-NSF Regional Conference Series in Applied Mathematics},
  address =	 {Philadelphia}
}

@InCollection{bomze99maximum,
  author = 	 {Bomze, I. and Budinich, M. and Pardalos, P. M. and Pelillo, M.},
  title = 	 {The maximum clique problem},
  booktitle = 	 {Handbook of Combinatorial Optimization (Supplement Volume~A)},
  publisher =	 {Kluwer Academic Publishers},
  year =	 1999,
  editor =	 {Du, D.-Z. and Pardalos, P. M.},
  volume =	 4,
  address =	 {Boston, MA}
}

@Book{johnson-trick-96,
  editor = 	 {Johnson, D. S. and Trick, M. A.},
  title = 	 {Clique, Coloring, and Satisfiability: Second {DIMACS} Implementation Challenge, {DIMACS}},
  volume = 	 {26},
  publisher =    {American Mathematical Society},
  year = 	 {1996},
  url  =         {http://dimacs.rutgers.edu/Volumes/Vol26.html}
}

@article {burger-56,
    AUTHOR = {Burger, Ewald},
     TITLE = {\"{U}ber homogene lineare {U}ngleichungssysteme},
   JOURNAL = {Z. Angew. Math. Mech.},
    VOLUME = {36},
      YEAR = {1956},
     PAGES = {135--139},
   MRCLASS = {65.3X},
  MRNUMBER = {18,417c},
MRREVIEWER = {T. S. Motzkin},
 annote = {Zitiert in BalasPadberg75}
}

@TechReport{primstab,
  author =	 {Gentile, Claudio and Haus, Utz-Uwe and K{\"o}ppe,
                  Matthias and Rinaldi, Giovanni and Weismantel, Robert},
  title = 	 {On the Way to Perfection: A New Combinatorial Algorithm
for Stable Sets in Graphs},
  institution =  {Fa{\-}kul{\-}t{\"a}t f{\"u}r Ma{\-}the{\-}ma{\-}tik,
                  Otto-{\penalty0}von-{\penalty0}Guericke-{\penalty0}Universit{\"a}t Magdeburg},
  year =	 2001,
  number =	 {no.~24},
  type =	 {Preprint},
  note =	 {available from URL
                  {\url{http://www.math.uni-magdeburg.de/~mkoeppe/art/primstab.ps}}}
}

@Article{bixby-miplib:98,
    author = "Bixby, Robert E. and Ceria, Sebasti{\'a}n and McZeal, Cassandra M. and Savelsbergh, Martin W. P. ",
    title = "An updated mixed integer programming library: {\textsc{MIPLIB}} 3.0",
    journal = "Optima",
    volume = 58,
    pages = "12--15",
    year = 1998
}

%
% Local Variables:
% auto-fill-mode: t
% End:

